@article{artigo1,
	author = {Jose da silva},
	title = {Titulo da bibliografia um},
	journal = {Jornal do artigo 1},
	Volume = {1},
	number = {1},
	pages = {6-10},
	year = 1975
	}
	
@article{artigo2,
	author = {Maria da silva},
	title = {Titulo da bibliografia dois},
	journal = {Jornal do artigo 2},
	Volume = {2},
	number = {2},
	pages = {11-20},
	year = 1976
	}
	
@book{kurose,
  title={Computer Networking: A Top-Down Approach Featuring the Internet, 3/E},
  author={Kurose, James F},
  year={2005},
  publisher={Pearson Education India}
}


%#### REPOSITORIO DE MODELOS DE REFERENCIAS ####

%@article{Xarticle,
    %author    = "",
    %title     = "",
    %journal   = "",
    %volume   = "",
    %number   = "",
    %pages    = "",
    %year      = "XXXX",
    %month    = "",
    %note     = "",
%}

%@book{Xbook,
    %author    = "",
    %title     = "",
    %publisher = "",
    %volume   = "",
    %number   = "",
    %series   = "",
    %address  = "",
    %edition  = "",
    %year      = "XXXX",
    %month    = "",
    %note     = "",
%}

%@booklet{Xbooklet,
    %author   = "",
    %title     = "",
    %howpublished   = "",
    %address  = "",
    %year      = "XXXX",
    %month    = "",
    %note     = "",
%}

%@conference{Xconference,
    %author    = "",
    %title     = "",
    %booktitle = "",
    %editor   = "",
    %volume   = "",
    %number   = "",
    %series   = "",
    %pages    = "",
    %address  = "",
    %year      = "XXXX",
    %month    = "",
    %publisher= "",
    %note     = "",
%}
    
%@inbook{Xinbook,
	%author	= "",
	%editor	= "",
	%title	= "",
	%chapter	= "",
	%pages	= "",
	%publisher= "",
	%volume	= "",
	%number	= "",
	%series	= "",
	%type	= "",
	%address= "",
	%edition= "",
	%year	= "",
	%month	= "",
	%note	= "",
}

%@incollection{Xincollection,
	%author	= "",
	%title	= "",
	%booktitle= "",
	%publisher= "",
	%editor	= "",
	%volume	= "",
	%number	= "",
	%series	= "",
	%type	= "",
	%chapter= "",
	%pages	= "",
	%address= "",
	%edition= "",
	%year	= "",
	%month	= "",
	%note	= "",
%}

%@inproceedings{Xinproceedings,
	%author		= "",
	%title		= "",
	%booktitle	= "",
	%editor		= "",
	%volume		= "",
	%number		= "",
	%series		= "",
	%pages		= "",
	%address	= "",
	%organization	= "",
	%publisher	= "",
	%year		= "",
	%month		= "",
	%note		= "",
%}

%@manual{Xmanual,
	%title		= "",
	%author		= "",
	%organization	= "",
	%address	= "",
	%edition	= "",
	%year		= "",
	%month		= "",
	%note		= "",
%}

%@mastersthesis{Xthesis,
    %author    = "",
    %title     = "",
    %school    = "",
    %type     = "diploma thesis",
    %address  = "",
    %year      = "XXXX",
    %month    = "",
    %note     = "",
%}

%@phdthesis{Xphdthesis,
	%author		= "",
	%title		= "",
	%school		= "",
	%address	= "",
	%year		= "",
	%month		= "",
	%keywords	= "",
	%note		= "",
%}

%@misc{Xmisc,
    %author    = "",
    %title     = "",
    %howpublished = "",
    %year     = "XXXX",
    %month    = "",
    %note     = "",
    %URL      = "",
%}

%@proceedings{Xproceedings,
	%title		= "",
	%editor		= "",
	%volume		= "",
	%number		= "",
	%series		= "",
	%address	= "",
	%organization	= "",
	%publisher	= "",
	%year		= "",
	%month		= "",
	%note		= "",
%}

%@techreport{Xtreport,
    %author    = "",
    %title     = "",
    %institution = "",
    %type     = "", 
    %number   = "",
    %address  = "",
    %year      = "XXXX",
    %month    = "",
    %note     = "",
%}

%@unpublished{Xunpublished,
	%author	= "",
	%title	= "",
	%year	= "",
	%month	= "",
	%note	= "",
%}


